@article{einstein,
    author    = "Albert Einstein",
    title     = "DAS LAMA",
    journal   = "Annalen der Physik",
    volume    = "322",
    number    = "10",
    pages     = "891--921",
    year      = "1905"
}

@inproceedings{Puuska_2019,
    address   = {Cham},
    author    = {Puuska, Samir and Kokkonen, Tero and Alatalo, Janne and Heilimo, Eppu},
    booktitle = {Innovative Security Solutions for Information Technology and Communications},
    editor    = {Lanet, Jean-Louis and Toma, Cristian},
    isbn      = {978-3-030-12942-2},
    pages     = {234--246},
    publisher = {Springer International Publishing},
    title     = {Anomaly-Based Network Intrusion Detection Using Wavelets and Adversarial Autoencoders},
    year      = {2019}
}

@article{Haar_1910,
    author    = "Haar, Alfred",
    title     = "Zur Theorie der orthogonalen Funktionensysteme",
    journal   = "Mathematische Annalen",
    year      = "1910",
    month     = "Sep",
    day       = "01",
    volume    = "69",
    number    = "3",
    pages     = "331--371",
    issn      = "1432-1807",
    doi       = "10.1007/BF01456326"
}

@mastersthesis{Sipola_2020,
    author    = "Tuomo Sipola", 
    title     = "Eeppinen vertaus runoelmassa \emph{Ilias Latina}",
    school    = "University of Jyv채skyl채",
    year      = "2020",
    month     = 12,
    address   = "Jyv채skyl채"
}

